@article{collet2016generation,
  title={Generation of coherent spin-wave modes in yttrium iron garnet microdiscs by spin-orbit torque},
  author={Collet, Martin and De Milly, Xavier and Kelly, O d'Allivy and Naletov, Vladimir V and Bernard, Rozenn and Bortolotti, Paolo and Youssef, J Ben and Demidov, VE and Demokritov, SO and Prieto, JL and others},
  journal={Nature communications},
  volume={7},
  year={2016},
  publisher={Nature Publishing Group}
}
@article{tserkovnyak2002spin,
  title={Spin pumping and magnetization dynamics in metallic multilayers},
  author={Tserkovnyak, Yaroslav and Brataas, Arne and Bauer, Gerrit EW},
  journal={Physical Review B},
  volume={66},
  number={22},
  pages={224403},
  year={2002},
  publisher={APS}
}
@article{johnson1987thermodynamic,
  title={Thermodynamic analysis of interfacial transport and of the thermomagnetoelectric system},
  author={Johnson, Mark and Silsbee, RH},
  journal={Physical Review B},
  volume={35},
  number={10},
  pages={4959},
  year={1987},
  publisher={APS}
}
@article{basso2016nonequilibrium,
  title={Nonequilibrium thermodynamics of the spin Seebeck and spin Peltier effects},
  author={Basso, Vittorio and Ferraro, Elena and Magni, Alessandro and Sola, Alessandro and Kuepferling, Michaela and Pasquale, Massimo},
  journal={Physical Review B},
  volume={93},
  number={18},
  pages={184421},
  year={2016},
  publisher={APS}
}
@article{basso2016thermodynamic,
  title={Thermodynamic transport theory of spin waves in ferromagnetic insulators},
  author={Basso, Vittorio and Ferraro, Elena and Piazzi, Marco},
  journal={Physical Review B},
  volume={94},
  number={14},
  pages={144422},
  year={2016},
  publisher={APS}
}
@article{berry1972semiclassical,
  title={Semiclassical approximations in wave mechanics},
  author={Berry, Michael V and Mount, KE},
  journal={Reports on Progress in Physics},
  volume={35},
  number={1},
  pages={315},
  year={1972},
  publisher={IOP Publishing}
}